\bibliographystyle{plain}
\bibliography{references}

@article{corona2022cumulative,
  title={Vehicle routing with cumulative objectives: A state of the art and analysis},
  author={Corona-Guti{\'e}rrez, Karina and Nucamendi-Guill{\'e}n, Samuel and Lalla-Ruiz, Eduardo},
  journal={Computers \& Industrial Engineering},
  volume={169},
  pages={108054},
  year={2022},
  publisher={Elsevier},
  doi={10.1016/j.cie.2022.108054},
  issn={0360-8352},
  url={https://www.sciencedirect.com/science/article/pii/S0360835222001243}
}

@article{Cui_2012a,
  title={Logistics cost control research of FMCG industry},
  volume={468-471},
  DOI={10.4028/www.scientific.net/amr.468-471.1866},
  journal={Advanced Materials Research},
  author={Cui, Xin},
  year={2012},
  month={Feb},
  pages={1866-1869}
}

@article{Sandhya_Goel_2018,
  title={Multi objective vehicle routing problem: A survey},
  volume={7},
  DOI={10.51983/ajcst-2018.7.3.1903},
  number={3},
  journal={Asian Journal of Computer Science and Technology},
  author={Sandhya and Goel, Rajeev},
  year={2018},
  month={Nov},
  pages={1-6}
}

@article{Maini_Goel_2017,
  title={Vehicle routing problem and its solution methodologies: A survey},
  volume={28},
  DOI={10.1504/ijlsm.2017.10008188},
  number={4},
  journal={International Journal of Logistics Systems and Management},
  author={Maini, Raman and Goel, Rajeev},
  year={2017},
  pages={419-432}
}

@misc{Alexis_2023,
  title={How route optimization can save time and money},
  url={http://gofleet.com/how-route-optimization-can-save-time-and-money/},
  journal={GoFleet Tracking},
  author={Alexis},
  year={2023},
  month={Dec}
}

@report{javed2023undocumented,
  title={The Undocumented Wholesale-Retail Sector},
  author={Javed, Umair},
  year={2023},
  month={Oct},
  institution={Consortium for Development Policy Research},
  type={Insights for Change},
  url={https://cdpr.org.pk/wp-content/uploads/2023/10/The-Undocumented-Wholesale-Retail-Sector.pdf},
  note={Accessed: 2024-12-06}
}

@mastersthesis{almaatani2014new,
  title={New Computational Approaches for the Transportation Models},
  author={Almaatani, Dalia Essa},
  year={2014},
  month={Sep},
  school={Laurentian University of Sudbury},
  url={https://laurentian.scholaris.ca/items/3c4e7436-4b97-4664-9289-957f8690fddf},
  note={Accessed: 2024-12-06}
}

@article{Alam_Sulaiman_2022,
  title={Optimal loading analysis with penalty factors for generators using brute force method},
  DOI={10.1007/978-981-16-8690-0_4},
  journal={Lecture Notes in Electrical Engineering},
  author={Alam, Mohammad Khurshed and Sulaiman, Mohd Herwan},
  year={2022},
  pages={37-46}
}

@inproceedings{feidiao_yang_2018,
  title={Boosting Dynamic Programming with Neural Networks for Solving NP-hard Problems},
  author={Yang, Feidiao and Jin, Tiancheng and Liu, Tie-Yan and Sun, Xiaoming and Zhang, Jialin},
  year={2018},
  publisher={PMLR},
  pages={726-739}
}

@article{Konak_Coit_Smith_2006,
  title={Multi-objective optimization using Genetic Algorithms: A tutorial},
  volume={91},
  DOI={10.1016/j.ress.2005.11.018},
  number={9},
  journal={Reliability Engineering \& System Safety},
  author={Konak, Abdullah and Coit, David W. and Smith, Alice E.},
  year={2006},
  month={Sep},
  pages={992-1007}
}

@article{Hughes_Goerigk_Dokka_2020,
  title={Particle swarm metaheuristics for robust optimisation with implementation uncertainty},
  volume={122},
  DOI={10.1016/j.cor.2020.104998},
  journal={Computers \& Operations Research},
  author={Hughes, Martin and Goerigk, Marc and Dokka, Trivikram},
  year={2020},
  month={Oct},
  pages={104998}
}

@article{Ghoseiri_Ghannadpour_2010,
  title={Multi-objective vehicle routing problem with time windows using goal programming and genetic algorithm},
  volume={10},
  DOI={10.1016/j.asoc.2010.04.001},
  number={4},
  journal={Applied Soft Computing},
  author={Ghoseiri, Keivan and Ghannadpour, Seyed Farid},
  year={2010},
  month={Sep},
  pages={1096-1107}
}

@article{Tamiz_Jones_Romero_1998,
  title={Goal Programming for Decision Making: An overview of the current state-of-the-art},
  volume={111},
  DOI={10.1016/s0377-2217(97)00317-2},
  number={3},
  journal={European Journal of Operational Research},
  author={Tamiz, Mehrdad and Jones, Dylan and Romero, Carlos},
  year={1998},
  month={Dec},
  pages={569-581}
}

@article{Zhang_Zhang_Ma_Zhang_Liu_2019,
  title={A hybrid ant colony optimization algorithm for a multi-objective vehicle routing problem with flexible time windows},
  volume={490},
  DOI={10.1016/j.ins.2019.03.070},
  journal={Information Sciences},
  author={Zhang, Huizhen and Zhang, Qinwan and Ma, Liang and Zhang, Ziying and Liu, Yun},
  year={2019},
  month={Jul},
  pages={166-190}
}


@article{Laporte2017,
  author = {Laporte, Gilbert},
  title = {Vehicle Routing Problems with Time Windows},
  journal = {Transportation Science},
  volume = {39},
  number = {1},
  pages = {119-129},
  year = {2017},
  doi = {10.1287/trsc.1050.0127},
  publisher = {INFORMS}
}

@article{Sierksma1998,
  author = {Sierksma, Gerard and Tijssen, Gerard A.},
  title = {Sales Territory Alignment Using Mathematical Programming},
  journal = {European Journal of Operational Research},
  volume = {105},
  number = {3},
  pages = {567-581},
  year = {1998},
  doi = {10.1016/S0377-2217(96)00497-0},
  publisher = {Elsevier}
}

@article{Nagy2007,
  author = {Nagy, Gábor and Salhi, Said},
  title = {Heuristic Algorithms for Single and Multiple Depot Vehicle Routing Problems with Pickups and Deliveries},
  journal = {European Journal of Operational Research},
  volume = {177},
  number = {2},
  pages = {1620-1641},
  year = {2007},
  doi = {10.1016/j.ejor.2005.10.030},
  publisher = {Elsevier}
}

@article{Schneider2014,
  author = {Schneider, Matthias and Stenger, Alexander and Goeke, Dominik},
  title = {The Electric Vehicle-Routing Problem with Time Windows and Recharging Stations},
  journal = {Transportation Science},
  volume = {48},
  number = {4},
  pages = {500-520},
  year = {2014},
  doi = {10.1287/trsc.2013.0490},
  publisher = {INFORMS}
}

@article{Desaulniers2002,
  author = {Desaulniers, Guy and Desrosiers, Jacques and Solomon, Marius},
  title = {Accelerating strategies for column generation methods},
  journal = {Transportation Science},
  volume = {36},
  number = {2},
  pages = {213-226},
  year = {2002},
  doi = {10.1287/trsc.36.2.213.5720}
}
@article{Feillet2004,
  author = {Feillet, Dominique and Dejax, Patrick and Gendreau, Michel and Gueguen, Chantal},
  title = {An exact algorithm for the elementary shortest path problem with resource constraints: Application to some vehicle routing problems},
  journal = {Networks},
  volume = {44},
  number = {3},
  pages = {216-229},
  year = {2004},
  doi = {10.1002/net.20034}
}
@article{Kilby2002,
  author = {Kilby, Philip and Prosser, Patrick and Shaw, Paul},
  title = {Dynamic VRP using local search heuristics},
  journal = {Operational Research Society},
  volume = {53},
  number = {2},
  pages = {235-244},
  year = {2002},
  doi = {10.1057/palgrave.jors.2601298}
}


@article{aco_dp_cluster,
  author    = {Shangce Gao and Yirui Wang and Jiujun Cheng and Yasuhiro Inazumi and Zheng Tang},
  title     = {Ant colony optimization with clustering for solving the dynamic location routing problem},
  journal   = {Applied Mathematics and Computation},
  volume    = {285},
  pages     = {149--173},
  year      = {2016},
  month     = jul,
  publisher = {Elsevier},
  note      = {Available online 16 April 2016},
  url       = {https://doi.org/10.1016/j.amc.2016.04.021},
  doi       = {10.1016/j.amc.2016.04.021}
}


@article{ombuki2006multi,
  title   = {Multi-Objective Genetic Algorithms for Vehicle Routing Problem with Time Windows},
  author  = {Ombuki, Beatrice and Ross, Brian J. and Hanshar, Franklin},
  journal = {Applied Intelligence},
  volume  = {24},
  number  = {1},
  pages   = {17--30},
  year    = {2006},
  month   = feb,
  doi     = {10.1007/s10489-006-6926-z},
  url     = {https://link.springer.com/article/10.1007/s10489-006-6926-z}
}

@article{Garcia-Najera_Bullinaria_2011,
  title={An improved multi-objective evolutionary algorithm for the vehicle routing problem with time windows},
  volume={38},
  doi={10.1016/j.cor.2010.05.004},
  number={1},
  journal={Computers \& Operations Research},
  author={Garcia-Najera, Abel and Bullinaria, John A.},
  year={2011},
  month={Jan},
  pages={287--300}
}


@inproceedings{feidiao_yang__2018,
        title={ Boosting Dynamic Programming with Neural Networks for Solving NP-hard Problems },
        author={ Feidiao Yang and Tiancheng Jin and Tie-Yan Liu and Xiaoming Sun and Jialin Zhang },
        
        year={ 2018 },
        publisher={ PMLR },
        
        pages={ 726-739 },          
      }
@article{hybrid_kmeans,
  author    = {Andrés Villalba and Elsa Cristina Gonzalez la Rotta},
  title     = {Clustering and heuristics algorithm for the vehicle routing problem with time windows},
  journal   = {International Journal of Industrial Engineering Computations},
  volume    = {13},
  pages     = {165--184},
  year      = {2022},
  doi       = {10.5267/j.ijiec.2021.12.002}
}

@inbook{firefly,
author = {Zunic, Emir and Delalić, Sead and Donko, Dzenana and Supic, Haris},
year = {2021},
month = {03},
pages = {103-123},
title = {A Cluster-Based Approach to Solve Rich Vehicle Routing Problems},
isbn = {978-3-030-71845-9},
doi = {10.1007/978-3-030-71846-6_6}
}

@article{3_phase_cluster,
  author    = {Zunic, Emir and Donko, Dzenana and Supic, Haris and Delalic, Sead},
  title     = {Cluster-based approach for successful solving real-world vehicle routing problems},
  journal   = {Volume 21},
  pages     = {619--626},
  year      = {2020},
  doi       = {10.15439/2020F184}
}

% PSO 
@inproceedings{inproceedings,
author = {Merwe, D. and Engelbrecht, Andries},
year = {2003},
month = {01},
pages = {215-220},
title = {Data clustering using particle swarm optimization[C]},
volume = {1},
journal = {Proc of 2003 Congress on Evolutionary Computation (CEC'03)},
doi = {10.1109/CEC.2003.1299577}
}

% ACO cluster 
@article{articleACO,
author = {Othman, Wan and Wahab, Aeizaal and Alhady, Syed and Wong, Haw},
year = {2018},
month = {11},
pages = {500-507},
title = {Solving Vehicle Routing Problem using Ant Colony Optimisation (ACO) Algorithm},
volume = {5},
journal = {International Journal of Research and Engineering},
doi = {10.21276/ijre.2018.5.9.2}
}


% dp paper
@article{articleDP,
author = {Kok, A. and Meyer, C and Kopfer, Herbert and Marco, J and Schutten, Marco},
year = {2009},
month = {01},
pages = {},
title = {Dynamic programming algorithm for the vehicle routing problem with time windows and EC social legislation},
journal = {Journal of Chemical Physics - J CHEM PHYS}
}
